<record><leader>01207cam a2200349 a 4500</leader><controlfield tag="001">6766247</controlfield><controlfield tag="003">OCoLC</controlfield><controlfield tag="005">20141217093729.0</controlfield><controlfield tag="008">140711s2015    si a     b    001 0 eng d</controlfield><datafield ind1=" " ind2=" " tag="015"><subfield code="a">GBB4B7348</subfield><subfield code="2">bnb</subfield></datafield><datafield ind1=" " ind2=" " tag="015"><subfield code="a">GBB4B7839</subfield><subfield code="2">bnb</subfield></datafield><datafield ind1="7" ind2=" " tag="016"><subfield code="a">016899139</subfield><subfield code="2">Uk</subfield></datafield><datafield ind1="7" ind2=" " tag="016"><subfield code="a">016899631</subfield><subfield code="2">Uk</subfield></datafield><datafield ind1=" " ind2=" " tag="020"><subfield code="a">9789814463560 (hardback)</subfield></datafield><datafield ind1=" " ind2=" " tag="020"><subfield code="a">9814463566 (hardback)</subfield></datafield><datafield ind1=" " ind2=" " tag="035"><subfield code="a">ocn883648665</subfield></datafield><datafield ind1=" " ind2=" " tag="040"><subfield code="a">BTCTA</subfield><subfield code="b">eng</subfield><subfield code="c">BTCTA</subfield><subfield code="d">YDXCP</subfield><subfield code="d">BDX</subfield><subfield code="d">UKMGB</subfield><subfield code="d">UAB</subfield></datafield><datafield ind1=" " ind2="4" tag="050"><subfield code="a">RS431.A66</subfield><subfield code="b">D78 2015</subfield></datafield><datafield ind1="0" ind2="4" tag="082"><subfield code="a">615.7/924</subfield><subfield code="2">23</subfield></datafield><datafield ind1=" " ind2=" " tag="090"><subfield code="a">RS 431 A66 D78 2015</subfield><subfield code="b">AEU</subfield></datafield><datafield ind1="0" ind2="0" tag="245"><subfield code="a">Drug delivery and development of anti-HIV microbicides /</subfield><subfield code="c">edited by Jos&#233; das Neves, Bruno Sarmento.</subfield></datafield><datafield ind1=" " ind2=" " tag="260"><subfield code="a">Singapore :</subfield><subfield code="b">Pan Stanford,</subfield><subfield code="c">c2015.</subfield></datafield><datafield ind1=" " ind2=" " tag="300"><subfield code="a">xxii, 684 p. :</subfield><subfield code="b">ill. (some col.) ;</subfield><subfield code="c">24 cm.</subfield></datafield><datafield ind1=" " ind2=" " tag="504"><subfield code="a">Includes bibliographical references and index.</subfield></datafield><datafield ind1=" " ind2=" " tag="596"><subfield code="a">42</subfield></datafield><datafield ind1=" " ind2="0" tag="650"><subfield code="a">Antiviral agents.</subfield></datafield><datafield ind1=" " ind2="0" tag="650"><subfield code="a">HIV infections</subfield><subfield code="x">Prevention.</subfield></datafield><datafield ind1=" " ind2="2" tag="650"><subfield code="a">Antiviral Agents.</subfield></datafield><datafield ind1="1" ind2=" " tag="700"><subfield code="a">Neves, Jos&#233; das,</subfield><subfield code="d">1978-</subfield></datafield><datafield ind1="1" ind2=" " tag="700"><subfield code="a">Sarmento, Bruno.</subfield></datafield><datafield ind1=" " ind2=" " tag="949"><subfield code="a">RS 431 A66 D78 2015</subfield><subfield code="c">1</subfield><subfield code="h">UAHL-B</subfield><subfield code="i">0162035206901</subfield></datafield><datafield ind1=" " ind2=" " tag="926"><subfield code="a">RS 431 A66 D78 2015</subfield><subfield code="w">LC</subfield><subfield code="c">1</subfield><subfield code="i">0162035206901</subfield><subfield code="l">ON_SHELF</subfield><subfield code="m">UAHLTHSC</subfield><subfield code="p">$150.00</subfield><subfield code="r">Y</subfield><subfield code="s">Y</subfield><subfield code="t">BOOK</subfield><subfield code="u">1/6/2015</subfield></datafield></record>